@software{gym,
	title={OpenAI Gym},
	url={https://gym.openai.com/},
	hyphenation={english}
}


@software{tensorflow,
	title={Tensorflow},
	url={https://www.tensorflow.org/},
	hyphenation={english}
}

@software{keras,
	title={Keras},
	url={https://keras.io/},
	hyphenation={english}
}

@software{python,
	title={Python},
	url={https://www.python.org/},
	hyphenation={english}
}

@software{connectfork,
	title={connect-four-tensorflow by alexisjanvier},
	url={https://github.com/marmelab/connect-four-tensorflow},
	hyphenation={english}
}

@online{connect4,
	url={https://cdn.anyfinder.eu/assets/5a6903838df2f5833889cbf45eb7599de9b858bb1821dc321540fb0bf4dca517},
	title={Vier Gewinnt Spiel},
	year={2020},
  month={3},
	urldate={2020-03-05}
}

@online{mario,
	url={https://youtu.be/qv6UVOQ0F44},
	title={MarI/O - Machine Learning for Video Gamesl},
	year={2015},
  month={6},
	urldate={2020-03-05}
}

@online{alphastar,
	url={https://deepmind.com/blog/article/alphastar-mastering-real-time-strategy-game-starcraft-ii},
	title={AlphaStar: Mastering the Real-Time Strategy Game StarCraft II},
	year={2019},
  month={1},
	urldate={2020-03-05}
}


@book{PythonManual2009,
	author={Guido Van Rossum, Fred L. Drake},
	title={Python 3 Reference Manual},
	publisher={CreateSpace},
	location={Scotts Valley},
	edition={1},
	year={2009},
	hyphenation={english}
}

@book{HandsOn2017,
	author={Aurélien Géron},
	title={Hands-On Machine Learning with Scikit-Learn and Tensorflow},
	publisher={O'Reilly Media Inc.},
	location={Gravenstein Highway North, Sebastopol, CA95472},
	edition={2},
	year={2017},
	hyphenation={english}
}

@book{Sutton2018,
	author={ Richard S. Sutton, Andrew G. Barto},
	title={Reinforcement Learning An Introduction},
	publisher={The MIT Press},
	location={Cambridge, Massachusetts},
	edition={2},
	year={2018},
	hyphenation={english}
}


@thesis{Stephan2018, 
	author={Lukas Stephan},
	title={Implementierung und Evaluation eines intelligenten Spielagenten mit Reinforcement Learning},
	type={Bachelorarbeit},
	year={2018},
	month={6},
	institution={Universität Bremen, Informatik},
	location={Bremen, Deutschland},
	url={unpublished},
	hyphenation={german}
}

@thesis{Thill2012, 
	author={Markus Thill, Patrick Koch und Wolfgang Konen},
	title={Reinforcement Learning with N-tuples on theGame Connect-4},
	type={Part of the Lecture Notes in Computer Science book series (LNCS, volume 7491)},
	year={2012},
	institution={Department of Computer Science, Cologne University of Applied Sciences},
	location={Gummersbach, Germany},
	url={https://www.researchgate.net/profile/Wolfgang_Konen/publication/235219697_Reinforcement_Learning_with_N-tuples_on_the_Game_Connect-4/links/0912f510811c0942f6000000.pdf},
	hyphenation={english}
}

@thesis{Martijn2012, 
	author={Martijn van Otterlo, Marco Wiering},
	title={Reinforcement Learning and Markov Decision Processes},
	type={Reinforcement Learning. Adaptation, Learning, and Optimization, vol 12},
	year={2012},
	institution={Springer},
	location={Berlin, Heidelberg},
	url={https://www.ai.rug.nl/~mwiering/Intro_RLBOOK.pdf},
	hyphenation={english}
}



@thesis{Meire2017, 
	author={Meire Fortunato et al.},
	title={Noisy Networks for Exploration},
	type={Machine Learning (cs.LG)},
	year={2017},
	institution={Cornell University},
	location={Ithaca, New York},
	url={https://arxiv.org/pdf/1706.10295.pdf?source=post_page---------------------------},
	hyphenation={english}
}


@book{HandsOn2017,
	author={Aurélien Géron},
	title={Hands-On Machine Learning with Scikit-Learn and Tensorflow},
	publisher={O'Reilly Media Inc.},
	location={Gravenstein Highway North, Sebastopol, CA95472},
	edition={2},
	year={2017},
	hyphenation={english}
}

@incollection{NIPS2016_6391,
title = {Generative Adversarial Imitation Learning},
author = {Ho, Jonathan and Ermon, Stefano},
booktitle = {Advances in Neural Information Processing Systems 29},
editor = {D. D. Lee and M. Sugiyama and U. V. Luxburg and I. Guyon and R. Garnett},
pages = {4565--4573},
year = {2016},
publisher = {Curran Associates, Inc.},
url = {http://papers.nips.cc/paper/6391-generative-adversarial-imitation-learning.pdf}
}

@article{ARMANTIER2004221,
title = "Does observation influence learning?",
journal = "Games and Economic Behavior",
volume = "46",
number = "2",
pages = "221 - 239",
year = "2004",
issn = "0899-8256",
doi = "https://doi.org/10.1016/S0899-8256(03)00124-6",
url = "http://www.sciencedirect.com/science/article/pii/S0899825603001246",
author = "Olivier Armantier",
keywords = "Learning, Observation, Continuous reinforcement, Structural estimation",
abstract = "A common value auction experiment is run to compare the relative influence of observation and experience on learning. It is shown that the ex-post observation of opponents' actions and payoffs homogenizes behavior and accelerates learning toward the Nash equilibrium. Additionally, experiential, and observational learning are both relevant and of comparable magnitude. A general reinforcement model for continuous strategies, encompassing choice reinforcement learning, direction learning and payoff dependent imitation, performs well in explaining the experimental data, and it dominates competing models such as the reinforcement of best response strategies."
}

@inproceedings{price1999implicit,
  title={Implicit imitation in multiagent reinforcement learning},
  author={Price, Bob and Boutilier, Craig},
  booktitle={ICML},
  pages={325--334},
  year={1999},
  organization={Citeseer}
}












@thesis{Artner2007,
	author={Artner, Nicole Maria},
	title={Analyse und Reimplementierung des Mean-Shift Tracking-Verfahrens},
	type={Diplomarbeit},
	year={2007},
	month={7},
	institution={University of Applied Sciences Upper Austria, Digitale Medien},
	location={Hagenberg, Austria},
	url={http://theses.fh-hagenberg.at/thesis/Artner07},
	hyphenation={german}
}

@thesis{Bacher2004,
	author={Bacher, Florian},
	title={Interaktionsmöglichkeiten mit Bildschirmen und großflächigen Projektionen},
	type={Bachelorarbeit},
	year={2004},
	month={6},
	institution={University of Applied Sciences Upper Austria, Medientechnik und {-design}},
	location={Hagenberg, Austria},
	hyphenation={german}
}

@manual{Bezos2016,
	author={Bezos, Javier and Braams, Johannes L.},
	title={Babel -- Multilingual support for Plain \TeX\ or \LaTeX},
	year={2016},
	month={4},
	version={3.9r},
	url={http://mirrors.ctan.org/macros/latex/required/babel/base/babel.pdf},
	hyphenation={english}
}

@incollection{BurgeBurger1999,
	author={Burge, Mark and Burger, Wilhelm},
	title={Ear Biometrics},
	booktitle={Biometrics: Personal Identification in Networked Society},
	publisher={Kluwer Academic Publishers},
	year={1999},
	location={Boston},
	editor={Jain, Anil K. and Bolle, Ruud and Pankanti, Sharath},
	chapter={13},
	pages={273-285},
	hyphenation={english}
}

@inproceedings{Burger1987,
	author={Burger, Wilhelm and Bhanu, Bir},
	title={Qualitative Motion Understanding},
	booktitle={Proceedings of the Intl.\ Joint Conference on Artificial Intelligence},
	year={1987},
	month={5},
	editor={McDermott, John P.},
	venue={Milano},
	publisher={Morgan Kaufmann Publishers},
	location={San Francisco},
	pages={819-821},
	hyphenation={english}
}

@book{BurgerBurge2015,
	author={Burger, Wilhelm and Burge, Mark James},
	title={Digitale Bildverarbeitung},
	subtitle={Eine algorithmische Einführung mit Java},
	publisher={Springer},
	location={Heidelberg},
	edition={3},
	year={2015},
	hyphenation={german}
}

@book{BurgerBurge2016,
	author={Burger, Wilhelm and Burge, Mark James},
	title={Digital Image Processing},
	subtitle={An Algorithmic Introduction Using Java},
	publisher={Springer},
	location={London},
	edition={2},
	year={2016},
	hyphenation={english}
}

@manual{Carlisle2016,
	author={Carlisle, D. P.},
	title={Packages in the {`graphics'} bundle},
	year={2016},
	month={12},
	url={http://mirrors.ctan.org/macros/latex/required/graphics/grfguide.pdf},
	hyphenation={english},
}

@image{CocaCola1940,
	author={Wolcott, Marion Post},
	title={Natchez, Miss.},
	note={Library of Congress Prints and Photographs Division Washington, Farm Security Administration/Office of War Information Color Photographs},
	year={1940},
	month={8},
	url={http://www.loc.gov/pictures/item/fsa1992000140/PP/}
}

@manual{Cochran2005,
	author={Cochran, Steven Douglas},
	title={The {Subfig} Package},
	year={2005},
	month={7},
	url={http://mirrors.ctan.org/macros/latex/contrib/subfig/subfig.pdf},
	hyphenation={english}
}

@manual{Daniel2016,
	author={Daniel, Marco and Gundlach, Patrick and Schmidt, Walter and Knappen, Jörg and Partl, Hubert and Hyna, Irene},
	title={\LaTeX2e-Kurzbeschreibung},
	year={2016},
	month={11},
	version={3.0b},
	url={http://mirrors.ctan.org/info/lshort/german/l2kurz.pdf},
	hyphenation={german}
}

@techreport{Drake1948,
	author={Drake, Huber M. and McLaughlin, Milton D. and Goodman, Harold R.},
	title={Results obtained during accelerated transonic tests of the {Bell}
		{XS-1} airplane in flights to a {MACH} number of 0.92},
	institution={NASA Dryden Flight Research Center},
	year={1948},
	month={1},
	location={Edwards, CA},
	number={NACA-RM-L8A05A},
	url={http://www.nasa.gov/centers/dryden/pdf/87528main_RM-L8A05A.pdf},
	hyphenation={english}
}

@book{Duden1997,
	author={Friedrich, Christoph},
	title={Schriftliche Arbeiten im technisch-natur\-wissen\-schaft\-lichen Studium}, 
	subtitle={Ein Leitfaden zur effektiven Erstellung und zum Einsatz moderner Arbeitsmethoden},
	publisher={Bibliographisches Institut},
	series={Duden Taschenbücher},
	volume={27},
	location={Mannheim},
	year={1997},
	hyphenation={german}
}

@thesis{Eberl1987,
	author={Eberl, Gerhard},
	title={Automatischer Landeanflug durch Rechnersehen},
	type={phdthesis},
	year={1987},
	month={8},
	institution={Universität der Bundeswehr, Fakultät für Raum- und Luftfahrttechnik},
	location={München},
	hyphenation={german}
}

@misc{EuRichtlinie2000,
	author={{Europäische Union}},
	title={Richtline 2000/14/EG des Europäischen Parlaments und des Rates vom 8.\ Mai 2000 zur 
		Angleichung der Rechtsvorschriften der Mitgliedstaaten über umweltbelastende Geräuschemissionen 
		von zur Verwendung im Freien vorgesehenen Geräten und Maschinen},
	howpublished={Amtsblatt der Europäischen Gemeinschaften, L 162},
	url={http://eur-lex.europa.eu/LexUriServ/LexUriServ.do?uri=CONSLEG:2000L0014:20051227:de:PDF},
	hyphenation={german}
}

@book{Faires1934,
	author={Faires, V. M.},
	title={Design of Machine Elements},
	publisher={The Macmillan Company},
	year={1934},
	note={Originalausgabe 1920},
	hyphenation={english}
}

@online{Feder2006,
	author={Feder, Alexander},
	title={{BibTeX.org}},
	year={2006},
	url={http://www.bibtex.org/},
}

@misc{FhStG1993,
	title={Bundesgesetz über Fachhochschul-Studiengänge},
	howpublished={BGBl.\ Nr.\ 340/1993, zuletzt geändert mit Bundesgesetz BGBl.\ I Nr.\ 45/2014},
	url={https://www.ris.bka.gv.at/GeltendeFassung.wxe?Abfrage=Bundesnormen&Gesetzesnummer=10009895},
	hyphenation={german}
}

@video{Futurama1999,
	author={Groening, Matt},
	title={Futurama},
	titleaddon={Season 1 Collection},
	howpublished={DVD},
	year={2002},
	month={2},
	note={Twentieth Century Fox Home Entertainment},
	hyphenation={english}
}

@article{Guttman2001,
	author={Guttman, Erik},
	title={Autoconfiguration for {IP} Networking},
	journal={IEEE Internet Computing},
	volume={5},
	issue={5/6},
	year={2001},
	pages={81-86},
	hyphenation={english}
}

@book{Hemleben1969,
	author={Hemleben, Johannes},
	title={Galilei, Galileo},
	publisher={rororo},
	year={1969},
	edition={20},
	hyphenation={german}
}

@book{Higham1998,
	author={Higham, Nicholas J.},
	title={Handbook of Writing for the Mathematical Sciences},
	publisher={Society for Industrial and Applied Mathematics (SIAM)},
	location={Philadelphia},
	edition={2},
	year={1998},
	url={http://www.maths.manchester.ac.uk/~higham/hwms/},
	hyphenation={english}
}

@video{HistoryOfComputers2008,
	title={History of Computers},
	year={2008},
	month={9},
	url={http://www.youtube.com/watch?v=LvKxJ3bQRKE},
	hyphenation={english}
}

@online{IBM360,
	title={Mainframes},
	url={http://www.plyojump.com/classes/mainframe_era.php}
}

@book{Kopka2003,
	author={Kopka, Helmut and Daly, Patrick William},
	title={A Guide to \LaTeX},
	series={Tools and Techniques for Computer Typesetting},
	publisher={Addison-Wesley},
	location={Reading, MA},
	year={2003},
	edition={4},
	hyphenation={english}
}

@book{Lamport1994,
	author={Lamport, Leslie},
	title={{LaTeX}, A Document Preparation System},
	subtitle={User's Guide and Reference Manual},
	publisher={Addison-Wesley},
	location={Reading, MA},
	year={1994},
	edition={2},
	hyphenation={english}
}

@book{Lamport1995,
	author={Lamport, Leslie},
	title={Das {LaTeX}-Handbuch},
	publisher={Addison-Wesley},
	location={Reading, MA},
	year={1995},
	edition={3},
	hyphenation={german}
}

@software{LegendOfZelda1998,
	author={Miyamoto, Shigeru and Aonuma, Eiji and Koizumi, Yoshiaki},
	title={The Legend of Zelda: Ocarina of Time},
	howpublished={N64-Spielmodul},
	publisher={Nintendo},
	year={1998},
	hyphenation={english}
}

@manual{Lehman2016,
	author={Lehman, Philipp and Kime, Philip and Boruvka, Audrey and Wright, Joseph},
	title={The \texttt{biblatex} Package},
	subtitle={Programmable Bibliographies and Citations},
	year={2016},
	month={11},
	version={3.7},
	url={http://mirrors.ctan.org/macros/latex/contrib/biblatex/doc/biblatex.pdf},
	hyphenation={english}
}

@article{Mermin1989,
	author={Mermin, Nathaniel David},
	title={What's wrong with these equations?},
	journal={Physics Today},
	volume={42},
	number={10},
	year={1989},
	pages={9-11},
	hyphenation={english}
}

@manual{Mittelbach2016,
	author={Mittelbach, Frank and Schöpf, Rainer and Downes, Michael and Jones, David M. and Carlisle, David},
	title={The \texttt{amsmath} package},
	year={2016},
	month={11},
	version={2.16a},
	url={http://mirrors.ctan.org/macros/latex/required/amsmath/amsmath.pdf},
	hyphenation={english}
}

@movie{Nosferatu1922,
	title={Nosferatu -- A Symphony of Horrors},
	howpublished={Film},
	year={1922},
	note={Drehbuch/Regie: F.\ W.\ Murnau. Mit Max Schreck, Gustav von Wangenheim, Greta Schröder.},
	hyphenation={english}
}

@manual{Oetiker2015,
	author={Oetiker, Tobias and Partl, Hubert and Hyna, Irene and Schlegl, Elisabeth},
	title={The Not So Short Introduction to \LaTeXe},
	subtitle={Or \LaTeXe in 157 minutes},
	year={2015},
	month={7},
	version={5.05},
	url={http://mirrors.ctan.org/info/lshort/english/lshort.pdf},
	hypenation={english}
}

@misc{OoeRaumordnungsgesetz1994,
	title={Oberösterreichisches Raumordnungsgesetz 1994},
	howpublished={LGBl 1994/114 idF 1995/93},
	url={http://www.ris.bka.gv.at/Dokumente/LrOO/LOO40007538/LOO40007538.pdf},
	hyphenation={german}
}

@manual{Oostrum2016,
	author={Oostrum, {Piet van}},
	title={Page layout in {LaTeX}},
	year={2016},
	month={9},
	url={http://mirrors.ctan.org/macros/latex/contrib/fancyhdr/fancyhdr.pdf},
	hyphenation={english}
}

@manual{Pakin2017,
	author={Pakin, Scott},
	title={The Comprehensive {LaTeX} Symbol List},
	year={2017},
	month={1},
	url={http://mirrors.ctan.org/info/symbols/comprehensive/symbols-a4.pdf},
	hyphenation={english}
}

@manual{Patashnik1988,
	author={Patashnik, Oren},
	title={{BiBTeXing}},
	year={1988},
	month={2},
	url={http://mirrors.ctan.org/biblio/bibtex/base/btxdoc.pdf},
	hyphenation={english}
}

@movie{Psycho1960,
	title={Psycho},
	howpublished={Film},
	year={1960},
	note={Regie: Alfred Hitchcock, 
		Drehbuch: Joseph Stefano.
		Nach dem Roman von Robert Bloch. 
		Mit Anthony Perkins, Vera Miles, Janet Leigh.},
	hyphenation={english}
}

@manual{Raichle1998,
	author={Raichle, Bernd},
	title={Kurzbeschreibung {german.sty} und {ngerman.sty}},
	year={1998},
	month={7},
	version={2.5e},
	url={http://mirrors.ctan.org/language/german/gerdoc.pdf},
	hyphenation={german}
}

@manual{Sommerfeldt2011,
	author={Sommerfeldt, Axel},
	title={Anpassen der Abbildungs- und Tabellenbeschriftungen},
	year={2011},
	month={11},
	url={http://mirrors.ctan.org/macros/latex/contrib/caption/caption-deu.pdf},
	hyphenation={german}
}

@manual{Voss2014,
	author={Voß, Herbert},
	title={Math mode},
	year={2014},
	month={1},
	version={2.47},
	url={http://mirrors.ctan.org/info/math/voss/mathmode/Mathmode.pdf},
	hyphenation={english}
}

@online{WikiReliquienschrein2016,
	url={https://de.wikipedia.org/wiki/Reliquienschrein},
	title={Reliquienschrein},
	year={2016},
  month={8},
	urldate={2017-02-28}
}

@audio{Zappa1995,
	author={Zappa, Frank},
	title={Freak Out},
	howpublished={Audio-CD},
	year={1995},
	month={5},
	note={Rykodisc, New York},
	hyphenation={english}
}

@book{Sedgewick2011,
	author={Sedgewick, Robert and Wayne, Kevin},
	title={Algorithms},
	publisher={Addison-Wesley},
	location={Reading, MA},
	year={2011},
	edition={4},
	hyphenation={english}
}

@software{SpringFramework,
	title={Spring Framework},
	url={https://github.com/spring-projects/spring-framework},
	hyphenation={english}
}

@standard{W3C2017HTML52,
  author={{World Wide Web Consortium}},
  title={HTML 5.2},
  titleaddon={W3C Candidate Recommendation},
	date={2017-08-08},
  url={https://www.w3.org/TR/html52/},
	hyphenation={english}
}

